<?xml version="1.0" encoding="UTF-8"?>
  <record xmlns="http://www.loc.gov/MARC21/slim" type="Authority">
    <leader>00000nz  a2200000oc 4500</leader>
    <controlfield tag="001">1055538194</controlfield>
    <controlfield tag="003">DE-101</controlfield>
    <controlfield tag="005">20220317132841.0</controlfield>
    <controlfield tag="008">140814n||aznnnaabn           | aaa    |c</controlfield>
    <datafield tag="024" ind1="7" ind2=" ">
      <subfield code="a">1055538194</subfield>
      <subfield code="0">http://d-nb.info/gnd/1055538194</subfield>
      <subfield code="2">gnd</subfield>
    </datafield>
    <datafield tag="035" ind1=" " ind2=" ">
      <subfield code="a">(DE-101)1055538194</subfield>
    </datafield>
    <datafield tag="035" ind1=" " ind2=" ">
      <subfield code="a">(DE-588)1055538194</subfield>
    </datafield>
    <datafield tag="040" ind1=" " ind2=" ">
      <subfield code="a">DE-23</subfield>
      <subfield code="c">DE-23</subfield>
      <subfield code="9">r:DE-601</subfield>
      <subfield code="b">ger</subfield>
      <subfield code="d">0016</subfield>
      <subfield code="e">rda</subfield>
    </datafield>
    <datafield tag="042" ind1=" " ind2=" ">
      <subfield code="a">gnd3</subfield>
    </datafield>
    <datafield tag="043" ind1=" " ind2=" ">
      <subfield code="c">XA-CZ</subfield>
    </datafield>
    <datafield tag="075" ind1=" " ind2=" ">
      <subfield code="b">p</subfield>
      <subfield code="2">gndgen</subfield>
    </datafield>
    <datafield tag="075" ind1=" " ind2=" ">
      <subfield code="b">piz</subfield>
      <subfield code="2">gndspec</subfield>
    </datafield>
    <datafield tag="079" ind1=" " ind2=" ">
      <subfield code="a">g</subfield>
      <subfield code="q">f</subfield>
      <subfield code="q">a</subfield>
    </datafield>
    <datafield tag="100" ind1="1" ind2=" ">
      <subfield code="a">Dworzeczky ab Olbramowicz, Wencesilaus Stephanus</subfield>
      <subfield code="d">1593-1619</subfield>
    </datafield>
    <datafield tag="400" ind1="1" ind2=" ">
      <subfield code="a">Dworzecky ab Olbramowicz, Wencesilaus Stephanus</subfield>
      <subfield code="d">1593-1619</subfield>
    </datafield>
    <datafield tag="400" ind1="1" ind2=" ">
      <subfield code="a">Dvořecký z Olbramovic, Václav Štěpán</subfield>
      <subfield code="d">1593-1619</subfield>
    </datafield>
    <datafield tag="400" ind1="1" ind2=" ">
      <subfield code="a">Dworzetsky ab Olbramowitz, Wenceslaus Stephanus</subfield>
      <subfield code="d">1593-1619</subfield>
    </datafield>
    <datafield tag="400" ind1="1" ind2=" ">
      <subfield code="a">Dworzetsky v. Olbramowitz, We. St.</subfield>
      <subfield code="d">1593-1619</subfield>
    </datafield>
    <datafield tag="400" ind1="1" ind2=" ">
      <subfield code="a">Dworzeckzky ab Debramowitz, Wencesslaus Stephanus</subfield>
      <subfield code="d">1593-1619</subfield>
      <subfield code="9">v:Matrikel Gießen</subfield>
    </datafield>
    <datafield tag="400" ind1="1" ind2=" ">
      <subfield code="a">Dworzeczky ab Olbramowitz, Wenceslaus Stephanus</subfield>
      <subfield code="d">1593-1619</subfield>
    </datafield>
    <datafield tag="400" ind1="1" ind2=" ">
      <subfield code="a">Dworzeczky ab Olbramowitz, Stephanus</subfield>
      <subfield code="d">1593-1619</subfield>
    </datafield>
    <datafield tag="400" ind1="1" ind2=" ">
      <subfield code="a">Dworzeczki ab Olbramowicz, Wencesilaus Stephanus</subfield>
      <subfield code="d">1593-1619</subfield>
    </datafield>
    <datafield tag="400" ind1="1" ind2=" ">
      <subfield code="a">Dworzeczky ab Olbramowitz, Wencesilaus Stephanus</subfield>
      <subfield code="d">1593-1619</subfield>
    </datafield>
    <datafield tag="400" ind1="1" ind2=" ">
      <subfield code="a">Olbramowicz, Wencesilaus Stephanus Dworzeczky &#152;ab&#156;</subfield>
      <subfield code="d">1593-1619</subfield>
    </datafield>
    <datafield tag="400" ind1="1" ind2=" ">
      <subfield code="a">Dworzeczky ab Olbramowicz, Wencesilaus S.</subfield>
      <subfield code="d">1593-1619</subfield>
    </datafield>
    <datafield tag="400" ind1="1" ind2=" ">
      <subfield code="a">Olbramowicz, Wencesilaus S.</subfield>
      <subfield code="d">1593-1619</subfield>
    </datafield>
    <datafield tag="400" ind1="1" ind2=" ">
      <subfield code="a">Olbramowicz, Wencesilaus S. &#152;ab&#156;</subfield>
      <subfield code="d">1593-1619</subfield>
    </datafield>
    <datafield tag="500" ind1="1" ind2=" ">
      <subfield code="0">(DE-101)1253602182</subfield>
      <subfield code="0">(DE-588)1253602182</subfield>
      <subfield code="0">https://d-nb.info/gnd/1253602182</subfield>
      <subfield code="a">Dworzecky ab Olbramowicz, Procopius</subfield>
      <subfield code="d">-1621</subfield>
      <subfield code="4">bezf</subfield>
      <subfield code="4">https://d-nb.info/standards/elementset/gnd#familialRelationship</subfield>
      <subfield code="w">r</subfield>
      <subfield code="i">Beziehung familiaer</subfield>
      <subfield code="e">Beziehung familiaer</subfield>
      <subfield code="9">v:Vater</subfield>
    </datafield>
    <datafield tag="500" ind1="1" ind2=" ">
      <subfield code="0">(DE-101)124395034X</subfield>
      <subfield code="0">(DE-588)124395034X</subfield>
      <subfield code="0">https://d-nb.info/gnd/124395034X</subfield>
      <subfield code="a">Saxo, Bartholomaeus</subfield>
      <subfield code="d">1585-</subfield>
      <subfield code="4">beza</subfield>
      <subfield code="4">https://d-nb.info/standards/elementset/gnd#acquaintanceshipOrFriendship</subfield>
      <subfield code="w">r</subfield>
      <subfield code="i">Bekanntschaft</subfield>
      <subfield code="e">Bekanntschaft</subfield>
      <subfield code="9">v:Erzieher</subfield>
    </datafield>
    <datafield tag="548" ind1=" " ind2=" ">
      <subfield code="a">1593-1619</subfield>
      <subfield code="4">datl</subfield>
      <subfield code="4">https://d-nb.info/standards/elementset/gnd#dateOfBirthAndDeath</subfield>
      <subfield code="w">r</subfield>
      <subfield code="i">Lebensdaten</subfield>
      <subfield code="9">v:Geburtsjahr circa</subfield>
    </datafield>
    <datafield tag="550" ind1=" " ind2=" ">
      <subfield code="0">(DE-101)040501523</subfield>
      <subfield code="0">(DE-588)4050152-8</subfield>
      <subfield code="0">https://d-nb.info/gnd/4050152-8</subfield>
      <subfield code="a">Ritter</subfield>
      <subfield code="4">adel</subfield>
      <subfield code="4">https://d-nb.info/standards/elementset/gnd#titleOfNobility</subfield>
      <subfield code="w">r</subfield>
      <subfield code="i">Adelstitel</subfield>
    </datafield>
    <datafield tag="550" ind1=" " ind2=" ">
      <subfield code="0">(DE-101)040004643</subfield>
      <subfield code="0">(DE-588)4000464-8</subfield>
      <subfield code="0">https://d-nb.info/gnd/4000464-8</subfield>
      <subfield code="a">Adel</subfield>
      <subfield code="4">obin</subfield>
      <subfield code="4">https://d-nb.info/standards/elementset/gnd#broaderTermInstantial</subfield>
      <subfield code="w">r</subfield>
      <subfield code="i">Oberbegriff instantiell</subfield>
    </datafield>
    <datafield tag="551" ind1=" " ind2=" ">
      <subfield code="0">(DE-101)040074676</subfield>
      <subfield code="0">(DE-588)4007467-5</subfield>
      <subfield code="0">https://d-nb.info/gnd/4007467-5</subfield>
      <subfield code="a">Böhmen</subfield>
      <subfield code="4">ortg</subfield>
      <subfield code="4">https://d-nb.info/standards/elementset/gnd#placeOfBirth</subfield>
      <subfield code="w">r</subfield>
      <subfield code="i">Geburtsort</subfield>
    </datafield>
    <datafield tag="551" ind1=" " ind2=" ">
      <subfield code="0">(DE-101)04001388X</subfield>
      <subfield code="0">(DE-588)4001388-1</subfield>
      <subfield code="0">https://d-nb.info/gnd/4001388-1</subfield>
      <subfield code="a">Altdorf b. Nürnberg</subfield>
      <subfield code="4">ortw</subfield>
      <subfield code="4">https://d-nb.info/standards/elementset/gnd#placeOfActivity</subfield>
      <subfield code="w">r</subfield>
      <subfield code="i">Wirkungsort</subfield>
    </datafield>
    <datafield tag="551" ind1=" " ind2=" ">
      <subfield code="0">(DE-101)04020989X</subfield>
      <subfield code="0">(DE-588)4020989-1</subfield>
      <subfield code="0">https://d-nb.info/gnd/4020989-1</subfield>
      <subfield code="a">Gießen</subfield>
      <subfield code="4">ortw</subfield>
      <subfield code="4">https://d-nb.info/standards/elementset/gnd#placeOfActivity</subfield>
      <subfield code="w">r</subfield>
      <subfield code="i">Wirkungsort</subfield>
    </datafield>
    <datafield tag="551" ind1=" " ind2=" ">
      <subfield code="0">(DE-101)040741184</subfield>
      <subfield code="0">(DE-588)4074118-7</subfield>
      <subfield code="0">https://d-nb.info/gnd/4074118-7</subfield>
      <subfield code="a">Leiden</subfield>
      <subfield code="4">ortw</subfield>
      <subfield code="4">https://d-nb.info/standards/elementset/gnd#placeOfActivity</subfield>
      <subfield code="w">r</subfield>
      <subfield code="i">Wirkungsort</subfield>
    </datafield>
    <datafield tag="667" ind1=" " ind2=" ">
      <subfield code="a">VD-17</subfield>
    </datafield>
    <datafield tag="670" ind1=" " ind2=" ">
      <subfield code="a">Wikipedia</subfield>
      <subfield code="b">Stand: 17.03.2022</subfield>
      <subfield code="u">https://cs.wikipedia.org/wiki/Prokop_Dvo%C5%99eck%C3%BD_z_Olbramovic</subfield>
    </datafield>
    <datafield tag="670" ind1=" " ind2=" ">
      <subfield code="a">Die Matrikel der Universität Altdorf. 1 (1912), S. 105, Nr. 3092</subfield>
      <subfield code="b">Stand: 17.03.2022</subfield>
      <subfield code="u">https://digital.ub.uni-duesseldorf.de/ihd/content/pageview/3545097</subfield>
    </datafield>
    <datafield tag="670" ind1=" " ind2=" ">
      <subfield code="a">Die Matrikel der Universität Gießen 1608 – 1707. 1898, S. 187</subfield>
      <subfield code="b">Stand: 17.03.2022</subfield>
      <subfield code="u">http://geb.uni-giessen.de/geb/volltexte/2010/7880/pdf/Matrikel_uni_giessen_1608_1707.pdf</subfield>
    </datafield>
    <datafield tag="670" ind1=" " ind2=" ">
      <subfield code="a">Album Studiosorum Academiae Lugduno Batavae 1575 – 1875. 1875, Sp. 103</subfield>
      <subfield code="b">Stand: 17.03.2022</subfield>
      <subfield code="u">https://babel.hathitrust.org/cgi/pt?id=uc1.$c34598&amp;view=1up&amp;seq=128&amp;skin=2021&amp;q1=1611</subfield>
    </datafield>
    <datafield tag="670" ind1=" " ind2=" ">
      <subfield code="a">Kateřina Schwabiková: Česká šlechta a univerzity německé jazykové oblasti v raném novověku. In: Acta Universitatis Carolinae - Historia Universitatis Carolinae Pragensis. 46(2006), Fasc. 1-2, S. 25-131</subfield>
      <subfield code="b">Stand: 17.03.2022</subfield>
      <subfield code="u">https://rukovet.cms.flu.cas.cz/static/Odkazy_upload/AUC-HUCP_46_1-2_2006.pdf</subfield>
    </datafield>
    <datafield tag="670" ind1=" " ind2=" ">
      <subfield code="a">geneanet</subfield>
      <subfield code="b">Stand: 17.03.2022</subfield>
      <subfield code="u">https://gw.geneanet.org/jksir?iz=223&amp;n=dvorecky+z+olbramovic&amp;oc=0&amp;p=vaclav+stepan</subfield>
    </datafield>
    <datafield tag="672" ind1=" " ind2="0">
      <subfield code="a">Amore Potivs, Qvam Rigore In Officio Continendos esse subditos, Oratio</subfield>
      <subfield code="f">1610</subfield>
    </datafield>
    <datafield tag="672" ind1=" " ind2="0">
      <subfield code="a">Respondent: Matthiae, Christian: Collegium Ethicum, Thetikōs Kai Zētētikōs, …</subfield>
      <subfield code="f">1611</subfield>
    </datafield>
    <datafield tag="672" ind1=" " ind2="0">
      <subfield code="a">Respondent: Matthiae, Christian: Collegium Politicum. Bd. 2</subfield>
      <subfield code="f">1611</subfield>
    </datafield>
    <datafield tag="672" ind1=" " ind2="0">
      <subfield code="a">Widmungseimpfänger: Matthiae, Christian: Collegium Metaphysicum</subfield>
      <subfield code="f">1611</subfield>
    </datafield>
    <datafield tag="678" ind1=" " ind2=" ">
      <subfield code="b">aus böhmischem Adel; Ritter; Student in Altdorf (Imm. 28.05.1609), Gießen (Imm. 21.07.1610) und Leiden (Imm. 19.11.1611, 18 J.), zusammen mit seinem Erzieher Bartholomaeus Saxo</subfield>
    </datafield>
  </record>
